<record><leader>00000cas a2200000 a 4500</leader><controlfield tag="001">35981369</controlfield><controlfield tag="008">961121d18641uuumiuwr ne      0    0eng c</controlfield><datafield ind1=" " ind2=" " tag="010"><subfield code="a">sn 96077282 </subfield></datafield><datafield ind1=" " ind2=" " tag="040"><subfield code="a">MHN</subfield><subfield code="b">eng</subfield><subfield code="c">MHN</subfield><subfield code="d">OCL</subfield><subfield code="d">OCLCQ</subfield><subfield code="d">OCLCF</subfield><subfield code="d">OCLCO</subfield></datafield><datafield ind1=" " ind2=" " tag="042"><subfield code="a">pcc</subfield></datafield><datafield ind1=" " ind2=" " tag="043"><subfield code="a">n-us-mi</subfield></datafield><datafield ind1="0" ind2="0" tag="245"><subfield code="a">Macomb Conservative press.</subfield></datafield><datafield ind1="1" ind2="3" tag="246"><subfield code="a">Conservative press</subfield></datafield><datafield ind1=" " ind2=" " tag="260"><subfield code="a">Mt. Clemens, Macomb Co., Mich. :</subfield><subfield code="b">Longstaff &amp; Eldredge</subfield></datafield><datafield ind1=" " ind2=" " tag="300"><subfield code="a">v.</subfield></datafield><datafield ind1=" " ind2=" " tag="310"><subfield code="a">Weekly</subfield></datafield><datafield ind1="1" ind2=" " tag="362"><subfield code="a">Began in 1864.</subfield></datafield><datafield ind1=" " ind2=" " tag="588"><subfield code="a">Description based on: Vol. 1, no. 4 (Jan. 28, 1864).</subfield></datafield><datafield ind1=" " ind2="0" tag="651"><subfield code="a">Mount Clemens (Mich.)</subfield><subfield code="v">Newspapers.</subfield></datafield><datafield ind1=" " ind2="0" tag="651"><subfield code="a">Macomb County (Mich.)</subfield><subfield code="v">Newspapers.</subfield></datafield><datafield ind1=" " ind2="7" tag="655"><subfield code="a">Newspapers.</subfield><subfield code="2">fast</subfield><subfield code="0">(OCoLC)fst01423814</subfield></datafield><datafield ind1=" " ind2="7" tag="651"><subfield code="a">Michigan</subfield><subfield code="z">Macomb County.</subfield><subfield code="2">fast</subfield><subfield code="0">(OCoLC)fst01214769</subfield></datafield><datafield ind1=" " ind2="7" tag="651"><subfield code="a">Michigan</subfield><subfield code="z">Mount Clemens.</subfield><subfield code="2">fast</subfield><subfield code="0">(OCoLC)fst01208678</subfield></datafield><datafield ind1=" " ind2=" " tag="752"><subfield code="a">United States</subfield><subfield code="b">Michigan</subfield><subfield code="c">Macomb</subfield><subfield code="d">Mount Clemens.</subfield></datafield></record>